@misc{armadillo,
  author = {Conrad Sanderson and Ryan Curtin. },
  title = {Armadillo: a template-based C++ library for linear algebra. },
  year = 2016,
  url = {http://arma.sourceforge.net/docs.html#part_classes},
  urldate = {2018-09-10}
}


@misc{HJ-SP,
  author        = {Morten Hjorth-Jensen},
  title         = {Computational Physics Lectures:
Statistical physics and the Ising Model},
  month         = {Aug 23},
  year          = {2017},
  publisher={Department of Physics, University of Oslo}
}

@misc{assignmentpaper,
  author        = {Computational Physics},
  title         = {Project 4 assignment paper},
  month         = {Fall},
  year          = {2018},
  publisher={Department of Physics, University of Oslo}
}


@misc{CPgithub,
  author = {Morten Hjorth-Jensen},
  title = {Repository containing material pertinent to FYS3150 at the University of Oslo},
  year = 2018,
  url = {https://github.com/CompPhysics/ComputationalPhysics/tree/master/doc/Projects/2018/Project3/CodeExamplesOO/cpp/SolarSystemShell},
  urldate = {2018-23-10}
}

@misc{FeynmanMM,
  author = {Feynman, Leighton, Sands },
  title = { The Feynman Lectures on Physics, 34: The Magnetism of Matter},
  year = 2013,
  publisher={California Institute of Technology}
}

@misc{FeynmanFM,
  author = {Feynman, Leighton, Sands },	
  title = {The Feynman Lectures on Physics, 36: Ferromagnetism},
  year = 2013,
  publisher={California Institute of Technology}
}
@misc{Fitzpatrick ,
  author = {Ross Moore},	
  title = {The Ising model},
  year = 1999,
  publisher={Mathematics Department, Macquarie University, Sydney.}
}


@misc{Walter,
  author = {Walter and Barkema},	
  title = { An introduction to Monte Carlo methods.},
  year = 2015,
  publisher={ Physica A: Statistical Mechanics and Its Applications, 418(C), 78-87.}
}